@misc{ianpoole,
author = {Ian Poole},
title = {Link Budget},
note = {Disponível em:<www.radio-electronics.com/info/propagation/path-loss/link-budget-calculation-formula-equation.php>. Acesso em: 20 de novembro de 2017},
year={2017}
}

@ARTICLE{1697062,
author={H. T. Friis},
journal={Proceedings of the IRE},
title={A Note on a Simple Transmission Formula},
year={1946},
volume={34},
number={5},
pages={254-256},
month={May},}

@book{pauleletromagnetismo,
  title={Eletromagnetismo Para Engenheiros},
  author={Paul, C.R.},
  year = {2006},
  publisher={LTC}
}

@manual{ns:nrfl01,
organization ="NORDIC Semiconductor",
title="nRF24L01+",
number ="nRF24L01",
}

@misc{loadcell,
    organization ="Loadstar Sensors",
	title = {What is a Load Cell? How do Load Cells Work? },
	note = {Disponível em: <http://www.loadstarsensors.com/what-is-a-load-cell.html> Acesso em: 01 de novembro de 2017},
	year = {2017}
}

@manual{avia:hx711,
organization ="AVIA Semiconductor",
title="24-Bit Analog-to-Digital Converter (ADC) for Weigh Scales",
number ="HX711",
}

@misc{meshnetwork,
	title = {Mesh Networking Layer for RF24 Radios},
	note = {Disponível em: <https://tmrh20.github.io/RF24Mesh/> Acesso em: 03 de novembro de 2017},
	year = {2015}
}

@misc{tfilter,
	title = {TFilter},
	note = {Disponível em: <http://t-filter.appspot.com> Acesso em: 24 de novembro de 2017},
	year = {2017}
}

@misc{googleacademico,
	Subtitle={Site},
	Title={Google Acadêmico},
	Author={Google},
	Url={http://scholar.google.com.br},
	Urlaccessdate={15 nov. 2014},
	Year={2014}
}

@misc{scielo,
	Subtitle={Site},
	Title={Scientific Electronic Library Online},
	Author={Scielo},
	Url={http://www.scielo.org/php/index.php},
	Urlaccessdate={14 nov. 2014},
	Year={2014}
}

@misc{acm,
	Subtitle={Site},
	Title={ACM Digital Library},
	Author={ACM},
	Url={http://dl.acm.org},
	Urlaccessdate={12 nov. 2014},
	Year={2014}
}
